<?xml version="1.0" encoding="UTF-8"?><collection xmlns="http://www.loc.gov/MARC21/slim"><record><leader>00389nam--2200157-i-4500</leader><controlfield tag="001">000048414</controlfield><controlfield tag="002">20161230</controlfield><controlfield tag="005">20170127213412</controlfield><controlfield tag="008">060222s1000------------r-----000-0-eng-d</controlfield><datafield ind1=" " ind2=" " tag="080"><subfield code="a">669:-21.315.5:537.311.33</subfield></datafield><datafield ind1=" " ind2=" " tag="245"><subfield code="a">Legirovanie polyprovodnikovv</subfield></datafield><datafield ind1=" " ind2=" " tag="260"><subfield code="a">Moskva</subfield><subfield code="b">Izd.Nauka</subfield><subfield code="c">1982</subfield></datafield><datafield ind1=" " ind2=" " tag="300"><subfield code="a">296 p</subfield></datafield><datafield ind1=" " ind2=" " tag="700"><subfield code="a">Abrikosov, N. H</subfield></datafield><datafield ind1=" " ind2=" " tag="852"><subfield code="a">70999</subfield></datafield><datafield ind1=" " ind2=" " tag="CAT"><subfield code="a">SYS</subfield><subfield code="c">20170127</subfield><subfield code="h">213412</subfield></datafield></record></collection>